% Use https://mathscinet.ams.org/mrlookup to find bibtex data for published articles
% Other websites such as google scholar also provide bibtex data
% Choose "BibTex" format on the website before you search
% The first parameter in each BibTex entry
% (for example Tverberg:1996tb) is the cite key for you article

@article{taghavi2024classical,
  title="{Classical Liouville action and uniformization of orbifold Riemann surfaces}",
  author={Taghavi, Behrad and Naseh, Ali and Allameh, Kuroush},
  journal={Physical Review D},
  volume={110},
  number={4},
  pages={046018},
  year={2024},
  publisher={APS}
}

@article{takhtajan_2003,
  title="{Liouville action and Weil-Petersson metric on deformation spaces, global Kleinian reciprocity and holography}",
  author={Takhtajan, Leon A and Teo, Lee-Peng},
  journal={Communications in mathematical physics},
  volume={239},
  pages={183--240},
  year={2003},
  publisher={Springer}
}
	
@article{park2017potentials,
  title="{Potentials and Chern forms for Weil--Petersson and Takhtajan--Zograf metrics on moduli spaces}",
  author={Park, Jinsung and Takhtajan, Leon A and Teo, Lee-Peng},
  journal={Advances in Mathematics},
  volume={305},
  pages={856--894},
  year={2017},
  publisher={Elsevier}
}


@article{Aldrovandi_1997,
  title="{Generating functional in CFT and effective action for two-dimensional quantum gravity on higher genus Riemann surfaces}",
  author={Aldrovandi, Ettore and Takhtajan, Leon A},
  journal={Communications in mathematical physics},
  volume={188},
  pages={29--67},
  year={1997},
  publisher={Springer}
}


	
@article{krasnov_2001,
  title="{Three-dimensional gravity, point particles and Liouville theory}",
  author={Krasnov, Kirill},
  journal={Classical and Quantum Gravity},
  volume={18},
  number={7},
  pages={1291},
  year={2001},
  publisher={IOP Publishing}
}

@article{krasnov2002lambda,
  title="{$\Lambda$< 0 quantum gravity in 2+ 1 dimensions: II. Black-hole creation by point particles}",
  author={Krasnov, Kirill},
  journal={Classical and Quantum Gravity},
  volume={19},
  number={15},
  pages={3999},
  year={2002},
  publisher={IOP Publishing}
}


	
@article{maskit_1967,
  title="{A characterization of Schottky groups}",
  author={Maskit, Bernard},
  journal={Journal dâ€™Analyse Math{\'e}matique},
  volume={19},
  number={1},
  pages={227--230},
  year={1967},
  publisher={Springer-Verlag New York}
}


@article{wong-1971,
  title="{A uniformization theorem for arbitrary Riemann surfaces with signature.}",
  author={Wong, CK},
  journal={Proceedings of the American Mathematical Society},
  volume={28},
  number={2},
  pages={489--495},
  year={1971}
}

@article{zograf1988liouville,
  title="{On Liouville's equation, accessory parameters, and the geometry of Teichm{\"u}ller space for Riemann surfaces of genus 0}",
  author={Zograf, Petr Georgievich and Takhtadzhyan, Leon Armenovich},
  journal={Mathematics of the USSR-Sbornik},
  volume={60},
  number={1},
  pages={143},
  year={1988},
  publisher={IOP Publishing}
}




@article{aldana2020polyakov,
  title="{Polyakov formulas for conical singularities in two dimensions}",
  author={Aldana, Clara L and Kirsten, Klaus and Rowlett, Julie},
  journal={arXiv preprint arXiv:2010.02776},
  year={2020}
}


@article{zograf1988uniformization,
  title="{On uniformization of Riemann surfaces and the Weil-Petersson metric on Teichm{\"u}ller and Schottky spaces}",
  author={Zograf, Petr Georgievich and Takhtadzhyan, Leon Armenovich},
  journal={Mathematics of the USSR-Sbornik},
  volume={60},
  number={2},
  pages={297},
  year={1988},
  publisher={IOP Publishing}
}



@book{maclane2012homology,
  title="{Homology}",
  author={MacLane, Saunders},
  year={2012},
  publisher={Springer Science \& Business Media}
}

@article{seiberg1999d1,
  title="{The D1/D5 system and singular CFT}",
  author={Seiberg, Nathan and Witten, Edward},
  journal={Journal of High Energy Physics},
  volume={1999},
  number={04},
  pages={017},
  year={1999},
  publisher={IOP Publishing}
}

@article{osgood1988extremals,
  title="{Extremals of determinants of Laplacians}",
  author={Osgood, Brad and Phillips, Ralph and Sarnak, Peter},
  journal={Journal of functional analysis},
  volume={80},
  number={1},
  pages={148--211},
  year={1988},
  publisher={Academic Press}
}


@article{skenderis2000quantum,
  title="{Quantum effective action from the AdS/CFT correspondence}",
  author={Skenderis, Kostas and Solodukhin, Sergey N},
  journal={Physics Letters B},
  volume={472},
  number={3-4},
  pages={316--322},
  year={2000},
  publisher={Elsevier}
}

@article{kalvin2021polyakov,
  title="{Polyakov-Alvarez type comparison formulas for determinants of Laplacians on Riemann surfaces with conical singularities}",
  author={Kalvin, Victor},
  journal={Journal of Functional Analysis},
  volume={280},
  number={7},
  pages={108866},
  year={2021},
  publisher={Elsevier}
}


@article{berger1971riemannian,
  title="{Riemannian structures of prescribed Gaussian curvature for compact 2-manifolds}",
  author={Berger, Melvyn S},
  journal={Journal of Differential Geometry},
  volume={5},
  number={3-4},
  pages={325--332},
  year={1971},
  publisher={Lehigh University}
}

@article{osgood1988extremals,
  title="{Extremals of determinants of Laplacians}",
  author={Osgood, Brad and Phillips, Ralph and Sarnak, Peter},
  journal={Journal of functional analysis},
  volume={80},
  number={1},
  pages={148--211},
  year={1988},
  publisher={Academic Press}
}


@article{verlinde1990conformal,
  title="{Conformal field theory, two-dimensional quantum gravity and quantization of Teichm{\"u}ller space}",
  author={Verlinde, Herman},
  journal={Nuclear Physics B},
  volume={337},
  number={3},
  pages={652--680},
  year={1990},
  publisher={Elsevier}
}



@article{kashaev1998liouville,
  title="{Liouville central charge in quantum Teichmuller theory}",
  author={Kashaev, Rinat Mavlyavievich},
  journal={arXiv preprint hep-th/9811203},
  year={1998}
}

@article{park2018liouville,
  title="{Liouville action and holography on quasi-Fuchsian deformation spaces}",
  author={Park, Jinsung and Teo, Lee-Peng},
  journal={Communications in Mathematical Physics},
  volume={362},
  pages={717--758},
  year={2018},
  publisher={Springer}
}

@article{chandra2022semiclassical,
  title="{Semiclassical 3D gravity as an average of large-c CFTs}",
  author={Chandra, Jeevan and Collier, Scott and Hartman, Thomas and Maloney, Alexander},
  journal={Journal of High Energy Physics},
  volume={2022},
  number={12},
  pages={1--82},
  year={2022},
  publisher={Springer}
}

@article{abajian2024correlation,
  title="{Correlation functions of huge operators in AdS3/CFT2: domes, doors and book pages}",
  author={Abajian, Jacob and Aprile, Francesco and Myers, Robert C and Vieira, Pedro},
  journal={Journal of High Energy Physics},
  volume={2024},
  number={3},
  pages={1--42},
  year={2024},
  publisher={Springer}
}


@article{maloney2010quantum,
  title="{Quantum gravity partition functions in three dimensions}",
  author={Maloney, Alexander and Witten, Edward},
  journal={Journal of High Energy Physics},
  volume={2010},
  number={2},
  pages={1--58},
  year={2010},
  publisher={Springer}
}


@article{keller2015poincare,
  title="{Poincar{\'e} series, 3D gravity and CFT spectroscopy}",
  author={Keller, Christoph A and Maloney, Alexander},
  journal={Journal of High Energy Physics},
  volume={2015},
  number={2},
  pages={1--30},
  year={2015},
  publisher={Springer}
}

@article{saad2019jt,
  title="{JT gravity as a matrix integral}",
  author={Saad, Phil and Shenker, Stephen H and Stanford, Douglas},
  journal={arXiv preprint arXiv:1903.11115},
  year={2019}
}

@article{stanford2019jt,
  title="{JT gravity and the ensembles of random matrix theory}",
  author={Stanford, Douglas and Witten, Edward},
  journal={arXiv preprint arXiv:1907.03363},
  year={2019}
}

@article{benjamin2020pure,
  title="{Pure gravity and conical defects}",
  author={Benjamin, Nathan and Collier, Scott and Maloney, Alexander},
  journal={Journal of High Energy Physics},
  volume={2020},
  number={9},
  pages={1--31},
  year={2020},
  publisher={Springer}
}

@article{jafferis20243d,
  title="{3d Gravity as a random ensemble}",
  author={Jafferis, Daniel L and Rozenberg, Liza and Wong, Gabriel},
  journal={arXiv preprint arXiv:2407.02649},
  year={2024}
}


@inproceedings{brill2000black,
  title="{Black holes and wormholes in 2+ 1 dimensions}",
  author={Brill, Dieter},
  booktitle={Mathematical and Quantum Aspects of Relativity and Cosmology: Proceeding of the Second Samos Meeting on Cosmology, Geometry and Relativity Held at Pythagoreon, Samos, Greece, 31 August--4 September 1998},
  pages={143--179},
  year={2000},
  organization={Springer}
}

@article{maldacena2004wormholes,
  title="{Wormholes in AdS}",
  author={Maldacena, Juan and Maoz, Liat},
  journal={Journal of High Energy Physics},
  volume={2004},
  number={02},
  pages={053},
  year={2004},
  publisher={IOP Publishing}
}

@article{skenderis2011holography,
  title="{Holography and wormholes in 2+ 1 dimensions}",
  author={Skenderis, Kostas and van Rees, Balt C},
  journal={Communications in Mathematical Physics},
  volume={301},
  pages={583--626},
  year={2011},
  publisher={Springer}
}

@article{balasubramanian2014multiboundary,
  title="{Multiboundary wormholes and holographic entanglement}",
  author={Balasubramanian, Vijay and Hayden, Patrick and Maloney, Alexander and Marolf, Donald and Ross, Simon F},
  journal={Classical and Quantum Gravity},
  volume={31},
  number={18},
  pages={185015},
  year={2014},
  publisher={IOP Publishing}
}


@article{gordon1992one,
  title="{One cannot hear the shape of a drum}",
  author={Gordon, Carolyn and Webb, David L and Wolpert, Scott},
  journal={Bulletin of the American Mathematical Society},
  volume={27},
  number={1},
  pages={134--138},
  year={1992}
}

@article{caputa2017anti,
  title="{Anti--de sitter space from optimization of path integrals in conformal field theories}",
  author={Caputa, Pawel and Kundu, Nilay and Miyaji, Masamichi and Takayanagi, Tadashi and Watanabe, Kento},
  journal={Physical Review Letters},
  volume={119},
  number={7},
  pages={071602},
  year={2017},
  publisher={APS}
}

@article{Takhtajan:2001uj,
  title="{Hyperbolic 2-spheres with conical singularities, accessory parameters and K{\"a}hler metrics on M(0,n)}",
  author={Takhtajan, Leon and Zograf, Peter},
  journal={Transactions of the American mathematical society},
  volume={355},
  number={5},
  pages={1857--1867},
  year={2003}
}

@article{deser1984three,
  title="{Three-dimensional Einstein gravity: dynamics of flat space}",
  author={Deser, Stanley and Jackiw, Roman and Hooft, G't},
  journal={Annals of Physics},
  volume={152},
  number={1},
  pages={220--235},
  year={1984},
  publisher={Elsevier}
}

@article{henningson1998holographic,
  title={The holographic Weyl anomaly},
  author={Henningson, Mark and Skenderis, Kostas},
  journal={Journal of High Energy Physics},
  volume={1998},
  number={07},
  pages={023},
  year={1998},
  publisher={IOP Publishing}
}

@article{krasnov2000holography,
  title={Holography and Riemann surfaces},
  author={Krasnov, Kirill},
  journal={arXiv preprint hep-th/0005106},
  year={2000}
}
